
  --
  -- my stuff
  --

@inproceedings{2017_hpg_HBSS,
	author = {Hofmann, Nikolai and Bogend\"{o}rfer, Phillip and Stamminger, Marc and Selgrad, Kai},
	title = {{Hierarchical Multi-layer Screen-space Ray Tracing}},
	booktitle = {Proceedings of High Performance Graphics},
	series = {HPG '17},
	year = {2017},
	isbn = {978-1-4503-5101-0},
	location = {Los Angeles, California},
	pages = {18:1--18:10},
	articleno = {18},
	numpages = {10},
	url = {https://selgrad.org/publications/2017_hpg_HBSS.pdf},
	doi = {10.1145/3105762.3105781},
	publisher = {ACM},
	address = {New York, NY, USA}
} 


@article{tsm2015,
	author = {Selgrad, Kai and Dachsbacher, Carsten and Meyer, Quirin and Stamminger, Marc},
	title = {{Filtering Multi-Layer Shadow Maps for Accurate Soft Shadows}},
	journal = {Computer Graphics Forum},
	volume = {34},
	number = {1},
	pages = {205--215},
	year = {2014},
}

@inproceedings{dof2015,
	 author = {Selgrad, Kai and Reintges, Christian and Penk, Dominik and Wagner, Pascal and Stamminger, Marc},
	 title = {{Real-time Depth of Field Using Multi-layer Filtering}},
	 booktitle = {Proceedings of the 19th Symposium on Interactive 3D Graphics and Games},
	 series = {i3D '15},
	 year = {2015},
	 location = {San Francisco, CA, USA},
	 pages = {121--127},
	 numpages = {7},
	 publisher = {ACM},
	 address = {New York, NY, USA},
} 



  --
  -- ssrt
  --
  
@unpublished{graham2010ssrt,
	author = {Graham},
	Title = {{Screen space reflections}},
	year = 2010,
	url = {https://forum.beyond3d.com/threads/screen-space-reflections.47780/},
	note = {Online; accessed June-2017}
}

@inproceedings{Souse2011_cryengine,
	author = {Tiago Sousa and Nick Kasyan and Nicolas Schulz},
	title = {{Secrets of CryENGINE 3 Graphics Technology}},
	month = aug,
	year = 2011,
	day = 29,
	booktitle = {SIGGRAPH Courses (2011)},
	publisher = {ACM},
}

@techreport{Mara2014_deepg,
	author = {Michael Mara and Morgan McGuire and Derek Nowrouzezahrai  and David Luebke},
	title = {{Fast Global Illumination Approximations on Deep G-Buffers}},
	month = {June},
	day = {16},
	year = {2014},
	pages = {16},
	institution = {NVIDIA Corporation},
    type        = {Technical Report},
	number = {NVR-2014-001},
	xurl = {http://graphics.cs.williams.edu/papers/DeepGBuffer14}
}

@article{McGuire2014_ssrt,
	author  = {Morgan McGuire and Michael Mara},
	title   = {{Efficient {GPU} Screen-Space Ray Tracing}},
	year    = {2014},
	month   = {December},
	day     = {9},
	journal = {Journal of Computer Graphics Techniques (JCGT)},
	volume  = {3},
	number  = {4},
	pages   = {73--85},
	xurl     = {http://jcgt.org/published/0003/04/04/},
	issn    = {2331-7418}
}          

@inproceedings{Mara2016_ssrt,
	author = {Michael Mara and Morgan McGuire and Derek Nowrouzezahrai and David Luebke},
	title = {{Deep G-Buffers for Stable Global Illumination Approximation}},
	month = {June},
	day = {24},
	year = {2016},
	numpages = {11},
	booktitle = {HPG},
	xurl = {http://graphics.cs.williams.edu/papers/DeepGBuffer16}
}

@inproceedings{Widmer2015_ssrt,
	author = {Widmer, Sven and Pajak, Dawid and Schulz, A. and Pulli, Kari and Kautz, Jan and Goesele, Michael and Luebke, David},
	title = {{An Adaptive Acceleration Structure for Screen-space Ray Tracing}},
	booktitle = {Proceedings of the 7th Conference on High-Performance Graphics},
	series = {HPG '15},
	year = {2015},
	isbn = {978-1-4503-3707-6},
	location = {Los Angeles, California},
	pages = {67--76},
	numpages = {10},
	xurl = {http://doi.acm.org/10.1145/2790060.2790069},
	xdoi = {10.1145/2790060.2790069},
	xacmid = {2790069},
	publisher = {ACM},
	address = {New York, NY, USA},
} 

@article{Ganestam2015_hybridssr,
	author = {Ganestam, Per and Doggett, Michael},
	title = {{Real-time Multiply Recursive Reflections and Refractions Using Hybrid Rendering}},
	journal = {Vis. Comput.},
	issue_date = {October   2015},
	volume = {31},
	number = {10},
	month = oct,
	year = {2015},
	issn = {0178-2789},
	pages = {1395--1403},
	numpages = {9},
	xurl = {http://dx.doi.org/10.1007/s00371-014-1021-7},
	xdoi = {10.1007/s00371-014-1021-7},
	xacmid = {2822102},
	publisher = {Springer-Verlag New York, Inc.},
	address = {Secaucus, NJ, USA},
} 

@unpublished{Wronski2014_gdc,
	author = {Bartlomiej Wronski},
	title = {{Assassin's Creed 4: Black Flag Road to next-gen graphics}},
	year = 2014,
	note = {GDC Talk}
}

@inproceedings{Valient2014_sg,
	author = {Michal Valient},
	title = {{Reflections and Volumetrics of Killzone Shadowfall}},
	year = 2014,
	booktitle = {SIGGRAPH Courses (2014)},
	publisher = {ACM},
}

@inproceedings{Stachowiak2015,
	author = {Tomasz Stachowiak and Yasin Uludag},
	title = {{Stochastic Screen-Space Reflections}},
	year = 2015,
	booktitle = {SIGGRAPH Courses (2015)},
	publisher = {ACM}
}

@inproceedings{Sikachev2014_sg,
	title = {{Reflection System in Thief}},
	author = {Sikachev, Peter},
	year = 2014,
	booktitle = {SIGGRAPH Courses (2014)},
	publisher = {ACM}
}

@article{Lee2009_rt,
	author = {Sungkil Lee and Elmar Eisemann and Hans-Peter Seidel},
	title = {{Depth-of-field Rendering with Multiview Synthesis}},
	journal = {ACM Trans. Graph. (Proc. of SIGGRAPH Asia)},
	year = {2009},
	volume = {28},
	number = {5}
}


  --
  -- deep screen space (no tracing)
  --


@inproceedings{Nalbach2014_deepss,
	author = {Nalbach, Oliver and Ritschel, Tobias and Seidel, Hans-Peter},
	title = {{Deep Screen Space}},
	booktitle = {Proceedings of the 18th Meeting of the ACM SIGGRAPH Symposium on Interactive 3D Graphics and Games},
	series = {I3D '14},
	year = {2014},
	isbn = {978-1-4503-2717-6},
	location = {San Francisco, California},
	pages = {79--86},
	numpages = {8},
	xurl = {http://doi.acm.org/10.1145/2556700.2556708},
	xdoi = {10.1145/2556700.2556708},
	xacmid = {2556708},
	publisher = {ACM},
	address = {New York, NY, USA},
} 

@inproceedings {Nalbach2014_indirect,
	booktitle = {Vision, Modeling \& Visualization},
	editor = {Jan Bender and Arjan Kuijper and Tatiana von Landesberger and Holger Theisel and Philipp Urban},
	title = {{Deep Screen Space for Indirect Lighting of Volumes}},
	author = {Nalbach, Oliver and Ritschel, Tobias and Seidel, Hans-Peter},
	year = {2014},
	publisher = {The Eurographics Association},
	ISBN = {978-3-905674-74-3},
	xDOI = {10.2312/vmv.20141287}
}

@inproceedings {Nalbach2015_indirect,
	booktitle = {Vision, Modeling \& Visualization},
	editor = {David Bommes and Tobias Ritschel and Thomas Schultz},
	title = {{The Bounced Z-buffer for Indirect Visibility}},
	author = {Nalbach, Oliver and Ritschel, Tobias and Seidel, Hans-Peter},
	year = {2015},
	publisher = {The Eurographics Association},
	ISBN = {978-3-905674-95-8},
	xDOI = {10.2312/vmv.20151261}
}

@inproceedings{Pfister2000_surfels,
	author = {Pfister, Hanspeter and Zwicker, Matthias and van Baar, Jeroen and Gross, Markus},
	title = {{Surfels: Surface Elements As Rendering Primitives}},
	booktitle = {Proceedings of the 27th Annual Conference on Computer Graphics and Interactive Techniques},
	series = {SIGGRAPH '00},
	year = {2000},
	isbn = {1-58113-208-5},
	pages = {335--342},
	numpages = {8},
	xurl = {http://dx.doi.org/10.1145/344779.344936},
	xdoi = {10.1145/344779.344936},
	acmid = {344936},
	publisher = {ACM Press/Addison-Wesley Publishing Co.},
	address = {New York, NY, USA},
} 
  --
  -- lbvh et al
  --

@article{Lauterbach2009_lbvh,
	author = {Lauterbach, Christian and Garland, Michael and Sengupta, Shubho and Luebke, David and Manocha, Dinesh},
	title = {Fast BVH Construction on GPUs},
	journal = {Computer Graphics Forum},
	volume = {28},
	number = {2},
	publisher = {Blackwell Publishing Ltd},
	issn = {1467-8659},
	pages = {375--384},
	year = {2009},
}
@inproceedings{Karras2012_lbvh,
	author = {Karras, Tero},
	title = {{Maximizing Parallelism in the Construction of BVHs, Octrees, and K-d Trees}},
	booktitle = {Proceedings of the Fourth ACM SIGGRAPH / Eurographics Conference on High-Performance Graphics},
	series = {EGGH-HPG'12},
	year = {2012},
	isbn = {978-3-905674-41-5},
	location = {Paris, France},
	pages = {33--37},
	numpages = {5},
	publisher = {Eurographics Association},
	address = {Aire-la-Ville, Switzerland, Switzerland},
} 
@inproceedings{Karras2013_treelets,
	author = {Karras, Tero and Aila, Timo},
	title = {{Fast Parallel Construction of High-quality Bounding Volume Hierarchies}},
	booktitle = {Proceedings of the 5th High-Performance Graphics Conference},
	series = {HPG '13},
	year = {2013},
	isbn = {978-1-4503-2135-8},
	location = {Anaheim, California},
	pages = {89--99},
	numpages = {11},
	publisher = {ACM},
	address = {New York, NY, USA},
} 


  --
  -- hardware rt
  --


@inproceedings{Aila2009_understanding,
	author = {Aila, Timo and Laine, Samuli},
	title = {Understanding the Efficiency of Ray Traversal on GPUs},
	booktitle = {Proceedings of the Conference on High Performance Graphics 2009},
	series = {HPG '09},
	year = {2009},
	isbn = {978-1-60558-603-8},
	location = {New Orleans, Louisiana},
	pages = {145--149},
	numpages = {5},
	publisher = {ACM},
	address = {New York, NY, USA},
} 

@techreport{Aila2012_understanding2,
    author      = {Timo Aila and Samuli Laine and Tero Karras},
    title       = {{Understanding the Efficiency of Ray Traversal on {GPU}s -- {K}epler and {F}ermi Addendum}},
    month       = Jun,
    year        = 2012,
    institution = {NVIDIA Corporation},
    type        = {Technical Report},
    number      = {NVR-2012-02},
}

@article {Vinkler2016_bvh_vs_kd,
	journal = {Computer Graphics Forum},
	title = {{Performance Comparison of Bounding Volume Hierarchies and Kd-Trees for GPU Ray Tracing}},
	author = {Vinkler, Marek and Havran, Vlastimil and Bittner, Ji\v{r}Ã­},
	year = {2016},
	publisher = {Eurographics Association},
	issn = {1467-8659},
}

@inproceedings{Guthe2014_aila4,
	booktitle = {Eurographics 2014 - Short Papers},
	editor = {Eric Galin and Michael Wand},
	title = {{Latency Considerations of Depth-first GPU Ray Tracing}},
	author = {Guthe, Michael},
	year = {2014},
	publisher = {The Eurographics Association},
	issn = {1017-4656},
	xdoi = {10.2312/egsh.20141013}
}

  --
  -- ppll
  --


@inproceedings{Carpenter1984_abuffer,
	author = {Carpenter, Loren},
	title = {{The A-buffer, an Antialiased Hidden Surface Method}},
	booktitle = {Proceedings of the 11th Annual Conference on Computer Graphics and Interactive Techniques},
	series = {SIGGRAPH '84},
	year = {1984},
	isbn = {0-89791-138-5},
	pages = {103--108},
	numpages = {6},
	xurl = {http://doi.acm.org/10.1145/800031.808585},
	xdoi = {10.1145/800031.808585},
	xacmid = {808585},
	publisher = {ACM},
	address = {New York, NY, USA},
} 
@inproceedings{Shade1998_ldi,
	author = {Shade, Jonathan and Gortler, Steven and He, Li-wei and Szeliski, Richard},
	title = {{Layered Depth Images}},
	booktitle = {Proceedings of the 25th Annual Conference on Computer Graphics and Interactive Techniques},
	series = {SIGGRAPH '98},
	year = {1998},
	isbn = {0-89791-999-8},
	pages = {231--242},
	numpages = {12},
	xurl = {http://doi.acm.org/10.1145/280814.280882},
	xdoi = {10.1145/280814.280882},
	xacmid = {280882},
	publisher = {ACM},
	address = {New York, NY, USA},
} 
@article{Yang2010_ppll,
  title={{Real-Time Concurrent Linked List Construction on the GPU}},
  author={Yang, Jason C and Hensley, Justin and Gr{\"u}n, Holger and Thibieroz, Nicolas},
  journal={Computer Graphics Forum (Proc. EG Symposium on Rendering)},
  volume={29},
  number={4},
  pages={1297--1304},
  year={2010},
  editor={Wiley}
}

@techreport{Everitt2001_dp,
	author = {Cass Everitt},
	title = {{Interactive Order-Independent Transparency}},
	year = {2001},
	institution = {NVIDIA Corporation},
    type        = {Technical Report},
}

@techreport{Bavoil2008_dp,
	author = {Louis Bavoil and Kevin Myers},
	title = {{Order Independent Transparency with Dual Depth Peeling}},
	institution = {NVIDIA Corporation},
    type        = {Technical Report},
	year = {2008}
}

  --
  -- dda
  --


@incollection{Fujimoto1988_dda,
	author = {Fujimoto, Akira and Tanaka, Takayuki and Iwata, Kansei},
	chapter = {{ARTS: Accelerated Ray-tracing System}},
	title = {IEEE Computer Graphics and Applications},
	year = {1986},
	month = apr,
	xisbn = {0-8186-8854-4},
	pages = {16--26},
	numpages = {10},
	xurl = {http://dl.acm.org/citation.cfm?id=95075.95111},
	xacmid = {95111},
	publisher = {Computer Science Press, Inc.},
	address = {New York, NY, USA},
} 

@INPROCEEDINGS{Amanatides87_dda,
	author = {John Amanatides and Andrew Woo},
	title = {A Fast Voxel Traversal Algorithm for Ray Tracing},
	booktitle = {In Eurographics â87},
	year = {1987},
	pages = {3--10}
}





  
  --
  -- image-space hacks
  --


@inproceedings{Policarpo2005_relief,
	author = {Policarpo, F\'{a}bio and Oliveira, Manuel M. and Comba, Jo\~{a}o L. D.},
	title = {{Real-time Relief Mapping on Arbitrary Polygonal Surfaces}},
	booktitle = {Proceedings of the 2005 Symposium on Interactive 3D Graphics and Games},
	series = {I3D '05},
	year = {2005},
	isbn = {1-59593-013-2},
	location = {Washington, District of Columbia},
	pages = {155--162},
	numpages = {8},
	xurl = {http://doi.acm.org/10.1145/1053427.1053453},
	xdoi = {10.1145/1053427.1053453},
	xacmid = {1053453},
	publisher = {ACM},
	address = {New York, NY, USA},
} 

@article {Lee2008_2layer,
	journal = {Computer Graphics Forum},
	title = {{Real-Time Depth-of-Field Rendering Using Point Splatting on Per-Pixel Layers}},
	author = {Lee, Sungkil and Kim, Gerard Jounghyun and Choi, Seungmoon},
	year = {2008},
	publisher = {The Eurographics Association and Blackwell Publishing Ltd},
	ISSN = {1467-8659},
	xDOI = {10.1111/j.1467-8659.2008.01344.x}
}

@article{Lee2010_multilayer,
	author = {Lee, Sungkil and Eisemann, Elmar and Seidel, Hans-Peter},
	title = {{Real-time Lens Blur Effects and Focus Control}},
	journal = {ACM Trans. Graph.},
	issue_date = {July 2010},
	volume = {29},
	number = {4},
	month = jul,
	year = {2010},
	issn = {0730-0301},
	pages = {65:1--65:7},
	articleno = {65},
	numpages = {7},
	xurl = {http://doi.acm.org/10.1145/1778765.1778802},
	xdoi = {10.1145/1778765.1778802},
	xacmid = {1778802},
	publisher = {ACM},
	address = {New York, NY, USA},
} 

@inproceedings{Ritschel2009_ssdo,
	author    = {Tobias Ritschel and Thorsten Grosch and Hans-Peter Seidel},
	title     = {{Approximating Dynamic Global Illumination in Screen Space}},
	booktitle = {Proceedings ACM SIGGRAPH Symposium on Interactive 3D Graphics and Games},
	year      = {2009}
}


@inproceedings{Bavoil2009_mlao,
	author = {Bavoil, Louis and Sainz, Miguel},
	title = {{Multi-layer Dual-resolution Screen-space Ambient Occlusion}},
	booktitle = {SIGGRAPH 2009: Talks},
	series = {SIGGRAPH '09},
	year = {2009},
	isbn = {978-1-60558-834-6},
	location = {New Orleans, Louisiana},
	pages = {45:1--45:1},
	articleno = {45},
	numpages = {1},
	xurl = {http://doi.acm.org/10.1145/1597990.1598035},
	xdoi = {10.1145/1597990.1598035},
	xacmid = {1598035},
	publisher = {ACM},
	address = {New York, NY, USA},
} 


% This file was created with Citavi 6.11.0.0

@misc{.23.03.2022,
 abstract = {This book constitutes the refereed proceedings of the SIGSAND/PLAIS EuroSymposium 2016 titled Information Systems: Development, Research, Applications, Education, held in Gdansk and Sopot, Poland, on},
 year = {23.03.2022},
 title = {Information Systems: Development, Research, Applications, Education | SpringerLink},
 url = {https://link.springer.com/book/10.1007/978-3-319-46642-2},
 urldate = {23.03.2022}
}


@book{MaiThiNguyenKim.,
 author = {{Mai Thi Nguyen-Kim}},
 title = {Die kleinste gemeinsame Wirklichkeit: Wahr, falsch, plausibel - die gr{\"o}{\ss}ten Streitfragen wissenschaftlich gepr{\"u}ft},
 edition = {7. Auflage},
 publisher = {{Droemer Knaur Verlag}},
 isbn = {978-3-426-27822-2}
}


@book{vanderAalst.2013,
 abstract = {This book contains the thoroughly refereed and revised best papers from the 8th International Conference on Web Information Systems and Technologies, WEBIST 2012, held in Porto, Portugal, in April 2012, and organized by the Institute for Systems and Technologies of Information, Control and Communication (INSTICC), in collaboration with ACM SIGMIS.The 23 papers presented in this book were carefully reviewed and selected from 184 submissions. The papers were selected from those with the best reviews also taking into account the quality of their presentation at the conference. The papers are grouped into parts on Internet Technology; Web Interfaces and Applications; Society, e-Business, and e-Government; Web Intelligence; and Mobile Information Systems},
 year = {2013},
 title = {Web Information Systems and Technologies: 8th International Conference, WEBIST 2012, Porto, Portugal, April 18-21, 2012, Revised Selected Papers},
 address = {Berlin, Heidelberg},
 volume = {140},
 publisher = {{Springer Berlin Heidelberg}},
 isbn = {9783642366086},
 series = {Springer eBook Collection Computer Science},
 editor = {{van der Aalst}, Wil and Mylopoulos, John and Rosemann, Michael and Shaw, Michael J. and Szyperski, Clemens and Cordeiro, Jos{\'e} and Krempels, Karl-Heinz},
 doi = {10.1007/978-3-642-36608-6}
}


